@inproceedings{infcomp2017,
  title = 	 {{Inference Compilation and Universal Probabilistic Programming}},
  author = 	 {Tuan Anh Le and Atilim Gunes Baydin and Frank Wood},
  booktitle = 	 {Proceedings of the 20th International Conference on Artificial Intelligence and Statistics},
  pages = 	 {1338--1348},
  year = 	 {2017},
  pdf = 	 {http://proceedings.mlr.press/v54/le17a/le17a.pdf},
  url = 	 {http://proceedings.mlr.press/v54/le17a.html},
}

@article{bounliphone2015test,
  title={A test of relative similarity for model selection in generative models},
  author={Bounliphone, Wacha and Belilovsky, Eugene and Blaschko, Matthew B and Antonoglou, Ioannis and Gretton, Arthur},
  booktitle={4th International Conference on Learning Representations (ICLR)},
  year={2016}
}
@article{bounliphone2016fast,
  title={Fast Non-Parametric Tests of Relative Dependency and Similarity},
  author={Bounliphone, Wacha and Belilovsky, Eugene and Tenenhaus, Arthur and Antonoglou, Ioannis and Gretton, Arthur and Blashcko, Matthew B},
  journal={arXiv preprint arXiv:1611.05740},
  year={2016}
}

@inproceedings{milchijcai2005,
  author =        {Milch, Brian and Marthi, Bhaskara and Russell, Stuart and
                   Sontag, David and Ong, Daniel L. and Kolobov, Andrey},
  booktitle =     {IJCAI},
  title =         {{BLOG : Probabilistic Models with Unknown Objects}},
  year =          {2005},
}


@inproceedings{gordon2014probabilistic,
  title={Probabilistic programming},
  author={Gordon, Andrew D and Henzinger, Thomas A and Nori, Aditya V and Rajamani, Sriram K},
  booktitle={Proceedings of the on Future of Software Engineering},
  pages={167--181},
  year={2014},
  organization={ACM}
}

@article{carpenter2015stan,
  title={Stan: a probabilistic programming language},
  author={Carpenter, Bob and Gelman, Andrew and Hoffman, Matt and Lee, Daniel and Goodrich, Ben and Betancourt, Michael and Brubaker, Marcus A and Guo, Jiqiang and Li, Peter and Riddell, Allen},
  journal={Journal of Statistical Software},
  year={2015}
}

@article{salvatier2016probabilistic,
  title={Probabilistic programming in Python using PyMC3},
  author={Salvatier, John and Wiecki, Thomas V and Fonnesbeck, Christopher},
  journal={PeerJ Computer Science},
  volume={2},
  pages={e55},
  year={2016},
  publisher={PeerJ Inc.}
}

@article{goodman2012church,
  title={Church: a language for generative models},
  author={Goodman, Noah and Mansinghka, Vikash and Roy, Daniel M and Bonawitz, Keith and Tenenbaum, Joshua B},
  journal={arXiv preprint arXiv:1206.3255},
  year={2012}
}

@inproceedings{wood2014new,
  title={$\{$A New Approach to Probabilistic Programming Inference$\}$},
  author={Wood, Frank and van de Meent, Jan Willem and Mansinghka, Vikash},
  booktitle={Proceedings of the Seventeenth International Conference on Artificial Intelligence and Statistics},
  pages={1024--1032},
  year={2014}
}

@article{NarayananCRSZ16,
  author  = {Praveen Narayanan and
             Jacques Carette and
             Wren Romano and
             Chung{-}chieh Shan and
             Robert Zinkov},
  title   = {Probabilistic Inference by Program Transformation in Hakaru (System
             Description)},
  journal = {Functional and Logic Programming - 13th International Symposium, {FLOPS}
             2016, Kochi, Japan, March 4-6, 2016, Proceedings},
  pages   = {62--79},
  year    = {2016},
  url     = {http://dx.doi.org/10.1007/978-3-319-29604-3_5},
  doi     = {10.1007/978-3-319-29604-3_5},
}

@misc{InferNET14, 
  author = "Minka, T. and Winn, J.M. and Guiver, J.P. and Webster, S. and Zaykov, Y. and Yangel, B. and Spengler, A. and  Bronskill, J.",
  title = {{Infer.NET 2.6}},
  year = 2014,
  note = {Microsoft Research Cambridge. http://research.microsoft.com/infernet}
}

@article{lunn2000winbugs,
  title={WinBUGS-a Bayesian modelling framework: concepts, structure, and extensibility},
  author={Lunn, David J and Thomas, Andrew and Best, Nicky and Spiegelhalter, David},
  journal={Statistics and computing},
  volume={10},
  number={4},
  pages={325--337},
  year={2000},
  publisher={Springer}
}

@book{robert2013monte,
  title={Monte Carlo statistical methods},
  author={Robert, Christian and Casella, George},
  year={2013},
  publisher={Springer Science \& Business Media}
}

@inproceedings{wingate2011lightweight,
  title={Lightweight Implementations of Probabilistic Programming Languages Via Transformational Compilation.},
  author={Wingate, David and Stuhlm{\"u}ller, Andreas and Goodman, Noah D},
  year={2011}
}

@article{andrieu2010particle,
  title={Particle markov chain monte carlo methods},
  author={Andrieu, Christophe and Doucet, Arnaud and Holenstein, Roman},
  journal={Journal of the Royal Statistical Society: Series B (Statistical Methodology)},
  volume={72},
  number={3},
  pages={269--342},
  year={2010},
  publisher={Wiley Online Library}
}

@article{burda2015importance,
  title={Importance weighted autoencoders},
  author={Burda, Yuri and Grosse, Roger and Salakhutdinov, Ruslan},
  journal={arXiv preprint arXiv:1509.00519},
  year={2015}
}

@book{appel2007compiling,
  title={Compiling with continuations},
  author={Appel, Andrew W},
  year={2007},
  publisher={Cambridge University Press}
}

@article{gretton2012kernel,
  title={A kernel two-sample test},
  author={Gretton, Arthur and Borgwardt, Karsten M and Rasch, Malte J and Sch{\"o}lkopf, Bernhard and Smola, Alexander},
  journal={Journal of Machine Learning Research},
  volume={13},
  number={Mar},
  pages={723--773},
  year={2012}
}

@article{scibior2018functional,
  title={Functional programming for modular Bayesian inference},
  author={{\'S}cibior, Adam and Kammar, Ohad and Ghahramani, Zoubin},
  journal={Proceedings of the ACM on Programming Languages},
  volume={2},
  number={ICFP},
  pages={83},
  year={2018},
  publisher={ACM}
}

@article{tran2017deep,
  title={Deep probabilistic programming},
  author={Tran, Dustin and Hoffman, Matthew D and Saurous, Rif A and Brevdo, Eugene and Murphy, Kevin and Blei, David M},
  journal={arXiv preprint arXiv:1701.03757},
  year={2017}
}

@article{tran2016edward,
  title={Edward: A library for probabilistic modeling, inference, and criticism},
  author={Tran, Dustin and Kucukelbir, Alp and Dieng, Adji B and Rudolph, Maja and Liang, Dawen and Blei, David M},
  journal={arXiv preprint arXiv:1610.09787},
  year={2016}
}

@misc{dippl,
  title = {{The Design and Implementation of Probabilistic Programming Languages}},
  author = {Goodman, Noah D and Stuhlm\"{u}ller, Andreas},
  year = {2014},
  howpublished = {\url{http://dippl.org}},
  note = {Accessed: 2018-6-11}
}

@inproceedings{zinkov2017autoem,
  title = {Automating Expectation Maximixation},
  author = {Robert Zinkov},
  booktitle = {NIPS Workshop on Advances in Approximate Bayesian Inference},
  year = {2017},
}

@article{Brehmer2018MiningGF,
  title={Mining gold from implicit models to improve likelihood-free inference},
  author={Johann Brehmer and Gilles Louppe and Juan Pavez and Kyle Cranmer},
  journal={CoRR},
  year={2018},
  volume={abs/1805.12244}
}

@article{bornschein2014reweighted,
  title={Reweighted wake-sleep},
  author={Bornschein, J{\"o}rg and Bengio, Yoshua},
  journal={arXiv preprint arXiv:1406.2751},
  year={2014}
}

@inproceedings{tran2017hierarchical,
  title={Hierarchical implicit models and likelihood-free variational inference},
  author={Tran, Dustin and Ranganath, Rajesh and Blei, David},
  booktitle={Advances in Neural Information Processing Systems},
  pages={5523--5533},
  year={2017}
}

@article{huszar2017variational,
  title={Variational inference using implicit distributions},
  author={Husz{\'a}r, Ferenc},
  journal={arXiv preprint arXiv:1702.08235},
  year={2017}
}

@article{neal2003slice,
	title={Slice sampling},
	author={Neal, Radford M},
	journal={Annals of statistics},
	pages={705--741},
	year={2003},
	publisher={JSTOR}
}

@inproceedings{grosse2012a,
   title = {Exploiting compositionality to explore a large space of model structures},
   author = {Roger Grosse and Ruslan Salakhutdinov and William T. Freeman and Joshua B. Tenenbaum},
   year = {2012},
   location = {Catalina Island, United States},
   booktitle = {Proceedings of the 28th Conference in Uncertainty in Artificial Intelligence}
}

@article{duvenaud2013structure,
	title={Structure discovery in nonparametric regression through compositional kernel search},
	author={Duvenaud, David and Lloyd, James Robert and Grosse, Roger and Tenenbaum, Joshua B and Ghahramani, Zoubin},
	journal={arXiv preprint arXiv:1302.4922},
	year={2013}
}

@inproceedings{gershman2014amortized,
  title={Amortized inference in probabilistic reasoning},
  author={Gershman, Samuel J and Goodman, Noah D},
  booktitle={Proceedings of the 36th Annual Conference of the Cognitive Science Society},
  year={2014}
}

@article{kingma2013auto,
  title={Auto-encoding variational bayes},
  author={Kingma, Diederik P and Welling, Max},
  journal={arXiv preprint arXiv:1312.6114},
  year={2013}
}

@article{gelman1996posterior,
  title={Posterior predictive assessment of model fitness via realized discrepancies},
  author={Gelman, Andrew and Meng, Xiao-Li and Stern, Hal},
  journal={Statistica sinica},
  pages={733--760},
  year={1996},
  publisher={JSTOR}
}

@article{dayan1995helmholtz,
  title={The helmholtz machine},
  author={Dayan, Peter and Hinton, Geoffrey E and Neal, Radford M and Zemel, Richard S},
  journal={Neural computation},
  volume={7},
  number={5},
  pages={889--904},
  year={1995},
  publisher={MIT Press}
}

@inproceedings{lloyd2015statistical,
  title={Statistical model criticism using kernel two sample tests},
  author={Lloyd, James R and Ghahramani, Zoubin},
  booktitle={Advances in Neural Information Processing Systems},
  pages={829--837},
  year={2015}
}

@inproceedings{grosse2016measuring,
  title={Measuring the reliability of MCMC inference with bidirectional Monte Carlo},
  author={Grosse, Roger B and Ancha, Siddharth and Roy, Daniel M},
  booktitle={Advances in Neural Information Processing Systems},
  pages={2451--2459},
  year={2016}
}

@inproceedings{paige2014asynchronous,
  title={Asynchronous anytime sequential monte carlo},
  author={Paige, Brooks and Wood, Frank and Doucet, Arnaud and Teh, Yee Whye},
  booktitle={Advances in Neural Information Processing Systems},
  pages={3410--3418},
  year={2014}
}

@inproceedings{ellis2016sampling,
  title={Sampling for Bayesian program learning},
  author={Ellis, Kevin and Solar-Lezama, Armando and Tenenbaum, Josh},
  booktitle={Advances in Neural Information Processing Systems},
  pages={1297--1305},
  year={2016}
}

@article{rekatsinas2017holoclean,
  title={Holoclean: Holistic data repairs with probabilistic inference},
  author={Rekatsinas, Theodoros and Chu, Xu and Ilyas, Ihab F and R{\'e}, Christopher},
  journal={Proceedings of the VLDB Endowment},
  volume={10},
  number={11},
  pages={1190--1201},
  year={2017},
  publisher={VLDB Endowment}
}

@article{balog2016deepcoder,
  title={Deepcoder: Learning to write programs},
  author={Balog, Matej and Gaunt, Alexander L and Brockschmidt, Marc and Nowozin, Sebastian and Tarlow, Daniel},
  journal={arXiv preprint arXiv:1611.01989},
  year={2016}
}

@article{box1980sampling,
  title={Sampling and Bayes' inference in scientific modelling and robustness},
  author={Box, George EP},
  journal={Journal of the Royal Statistical Society. Series A (General)},
  pages={383--430},
  year={1980},
  publisher={JSTOR}
}

@inproceedings{staton2016semantics,
  title={Semantics for probabilistic programming: higher-order functions, continuous distributions, and soft constraints},
  author={Staton, Sam and Yang, Hongseok and Wood, Frank and Heunen, Chris and Kammar, Ohad},
  booktitle={Proceedings of the 31st Annual ACM/IEEE Symposium on Logic in Computer Science},
  pages={525--534},
  year={2016},
  organization={ACM}
}

@inproceedings{yang2014generating,
  title={Generating efficient MCMC kernels from probabilistic programs},
  author={Yang, Lingfeng and Hanrahan, Patrick and Goodman, Noah},
  booktitle={Artificial Intelligence and Statistics},
  pages={1068--1076},
  year={2014}
}

@article{doucet2009tutorial,
  title={A tutorial on particle filtering and smoothing: Fifteen years later},
  author={Doucet, Arnaud and Johansen, Adam M},
  journal={Handbook of nonlinear filtering},
  volume={12},
  number={656-704},
  pages={3},
  year={2009}
}

@inproceedings{sohn2015learning,
  title={Learning structured output representation using deep conditional generative models},
  author={Sohn, Kihyuk and Lee, Honglak and Yan, Xinchen},
  booktitle={Advances in Neural Information Processing Systems},
  pages={3483--3491},
  year={2015}
}
